%% This BibTeX bibliography file was created using BibDesk.
%% http://bibdesk.sourceforge.net/


%% Created for Dan F-M at 2015-03-29 14:53:24 -0400 


%% Saved with string encoding Unicode (UTF-8) 



@article{Ballard:2014,
	Adsnote = {Provided by the SAO/NASA Astrophysics Data System},
	Adsurl = {http://adsabs.harvard.edu/abs/2014arXiv1410.4192B},
	Archiveprefix = {arXiv},
	Author = {{Ballard}, S. and {Johnson}, J.~A.},
	Date-Added = {2015-03-29 18:53:23 +0000},
	Date-Modified = {2015-03-29 18:53:24 +0000},
	Eprint = {1410.4192},
	Journal = {ArXiv e-prints},
	Keywords = {Astrophysics - Earth and Planetary Astrophysics},
	Month = oct,
	Primaryclass = {astro-ph.EP},
	Title = {{The Kepler Dichotomy among the M Dwarfs: Half of Systems Contain Five or More Coplanar Planets}},
	Year = 2014}
